% Ein in einem Journal ver√∂ffentlichter Artikel (Paper):
@article{Franzosi:2015osa,
      author         = "Buarque Franzosi, D. and other",
      title          = "{Probing the top-quark chromomagnetic dipole moment at
                        next-to-leading order in QCD}",
      journal        = "Phys. Rev.",
      volume         = "D 91",
      year           = "2015",
      number         = "11",
      pages          = "114010",
      eprint         = "1503.08841",
      archivePrefix  = "arXiv",
      primaryClass   = "hep-ph",
      SLACcitation   = "%%CITATION = ARXIV:1503.08841;%%"
}

@article{Zhang:2016omx,
      author         = "Zhang, C.",
      title          = "{Single Top Production at Next-to-Leading Order in the
                        Standard Model Effective Field Theory}",
      journal        = "Phys. Rev. Lett.",
      volume         = "116",
      year           = "2016",
      number         = "16",
      pages          = "162002",
      eprint         = "1601.06163",
      archivePrefix  = "arXiv",
      primaryClass   = "hep-ph",
      SLACcitation   = "%%CITATION = ARXIV:1601.06163;%%"
}

@article{Degrande:2011ua,
      author         = "Degrande, C. and others",
      title          = "{UFO - The Universal FeynRules Output}",
      journal        = "Comput. Phys. Commun.",
      volume         = "183",
      year           = "2012",
      pages          = "1201-1214",
      eprint         = "1108.2040",
      archivePrefix  = "arXiv",
      primaryClass   = "hep-ph",
      reportNumber   = "CP3-11-25, IPHC-PHENO-11-04, IPPP-11-39, DCPT-11-78,
                        MPP-2011-68",
      SLACcitation   = "%%CITATION = ARXIV:1108.2040;%%"
}

@article{Fichet:2016iuo,
      author         = "Fichet, S. and others",
      title          = "{Sharpening the shape analysis for higher-dimensional
                        operator searches}",
      journal        = "Phys. Rev.",
      volume         = "D 96",
      year           = "2017",
      number         = "3",
      pages          = "036003",
      eprint         = "1611.01165",
      archivePrefix  = "arXiv",
      primaryClass   = "hep-ph",
      SLACcitation   = "%%CITATION = ARXIV:1611.01165;%%"
}

@article{Bylund:2016phk,
      author         = "Bessidskaia Bylund, O. and others",
      title          = "{Probing top quark neutral couplings in the Standard
                        Model Effective Field Theory at NLO in QCD}",
      journal        = "JHEP",
      volume         = "05",
      year           = "2016",
      pages          = "052",
      eprint         = "1601.08193",
      archivePrefix  = "arXiv",
      primaryClass   = "hep-ph",
      reportNumber   = "CP3-16-03, MCNET-16-03",
      SLACcitation   = "%%CITATION = ARXIV:1601.08193;%%"
}

@article{Grzadkowski:2010es,
      author         = "Grzadkowski, B. and others.",
      title          = "{Dimension-Six Terms in the Standard Model Lagrangian}",
      journal        = "JHEP",
      volume         = "10",
      year           = "2010",
      pages          = "085",
      eprint         = "1008.4884",
      archivePrefix  = "arXiv",
      primaryClass   = "hep-ph",
      reportNumber   = "IFT-9-2010, TTP10-35",
      SLACcitation   = "%%CITATION = ARXIV:1008.4884;%%"
}

@article{Zhang:2014rja,
      author         = "Zhang, C.",
      title          = "{Effective field theory approach to top-quark decay at
                        next-to-leading order in QCD}",
      journal        = "Phys. Rev.",
      volume         = "D 90",
      year           = "2014",
      number         = "1",
      pages          = "014008",
      eprint         = "1404.1264",
      archivePrefix  = "arXiv",
      primaryClass   = "hep-ph",
      reportNumber   = "CP3-14-17",
      SLACcitation   = "%%CITATION = ARXIV:1404.1264;%%"
}

@article{Evans:2008zzb,
      author         = {Evans, L. and others},
      title          = {LHC Machine},
      journal        = {JINST},
      volume         = {3},
      year           = {2008},
      pages          = {S08001}
}

@article{Aad:2012tfa,
      author         = "ATLAS Collaboration",
      title          = "{Observation of a new particle in the search for the
                        Standard Model Higgs boson with the ATLAS detector at the
                        LHC}",
      collaboration  = "ATLAS",
      journal        = "Phys. Lett.",
      volume         = "B 716",
      year           = "2012",
      pages          = "1-29",
      eprint         = "1207.7214",
      archivePrefix  = "arXiv",
      primaryClass   = "hep-ex",
      reportNumber   = "CERN-PH-EP-2012-218",
      SLACcitation   = "%%CITATION = ARXIV:1207.7214;%%"
}

@article{ATLAS:2014wva,
      author         = "ATLAS, CDF, CMS and D0 Collaboration",
      title          = "{First combination of Tevatron and LHC measurements of
                        the top-quark mass}",
      collaboration  = "ATLAS, CDF, CMS, D0",
      year           = "2014",
      eprint         = "1403.4427",
      archivePrefix  = "arXiv",
      primaryClass   = "hep-ex",
      reportNumber   = "ATLAS-CONF-2014-008, CDF-NOTE-11071, CMS-PAS-TOP-13-014,
                        D0-NOTE-6416, FERMILAB-TM-2582-E",
      SLACcitation   = "%%CITATION = ARXIV:1403.4427;%%"
}


@article{Aaboud:2017era,
      author         = "ATLAS Collaboration",
      title          = "{Measurement of the $ t\overline{t}\gamma $ production
                        cross section in proton-proton collisions at $ \sqrt{s}=8
                        $ TeV with the ATLAS detector}",
      collaboration  = "ATLAS",
      journal        = "JHEP",
      volume         = "11",
      year           = "2017",
      pages          = "086",
      eprint         = "1706.03046",
      archivePrefix  = "arXiv",
      primaryClass   = "hep-ex",
      reportNumber   = "CERN-EP-2017-086",
      SLACcitation   = "%%CITATION = ARXIV:1706.03046;%%"
}

@ARTICLE{1937ApJ....86..217Z,
   author = "Zwicky, F.",
    title = "{On the Masses of Nebulae and of Clusters of Nebulae}",
  journal = "ApJ",
     year = "1937",
    month = "oct",
   volume = "86",
    pages = "217"
}



@article{Sirunyan:2017iyh,
      author        = "CMS Collaboration",
      title          = "{Measurement of the semileptonic $
                        \mathrm{t}\overline{\mathrm{t}} $ + $\gamma$ production cross
                        section in pp collisions at $ \sqrt{s}=8 $ TeV}",
      collaboration  = "CMS",
      journal        = "JHEP",
      volume         = "10",
      year           = "2017",
      pages          = "006",
      eprint         = "1706.08128",
      archivePrefix  = "arXiv",
      primaryClass   = "hep-ex",
      reportNumber   = "CMS-TOP-14-008, CERN-EP-2017-112",
      SLACcitation   = "%%CITATION = ARXIV:1706.08128;%%"
}

@article{Castro:2016jjv,
      author         = "Castro, N. and others",
      title          = "{EFTfitter---A tool for interpreting measurements in the
                        context of effective field theories}",
      journal        = "Eur. Phys. J.",
      volume         = "C 76",
      year           = "2016",
      number         = "8",
      pages          = "432",
      eprint         = "1605.05585",
      archivePrefix  = "arXiv",
      primaryClass   = "hep-ex",
      SLACcitation   = "%%CITATION = ARXIV:1605.05585;%%"
}

@article{Alwall:2011uj,
      author         = "Alwall, J. and others",
      title          = "{MadGraph 5 : Going Beyond}",
      journal        = "JHEP",
      volume         = "06",
      year           = "2011",
      pages          = "128",
      eprint         = "1106.0522",
      archivePrefix  = "arXiv",
      primaryClass   = "hep-ph",
      reportNumber   = "FERMILAB-PUB-11-448-T",
      SLACcitation   = "%%CITATION = ARXIV:1106.0522;%%"
}

@article{LYONS1988110,
      title = "How to combine correlated estimates of a single physical quantity",
      journal = "Nucl. Instr. Meth. A",
      volume = "270",
      number = "1",
      pages = "110 - 117",
      year = "1988",
      author = "Lyons, L. and others"
}

@article{Pumplin:2002vw,
      author         = "Pumplin, J. and others",
      title          = "{New generation of parton distributions with
                        uncertainties from global QCD analysis}",
      journal        = "JHEP",
      volume         = "07",
      year           = "2002",
      pages          = "012",
      doi            = "10.1088/1126-6708/2002/07/012",
      eprint         = "hep-ph/0201195",
      archivePrefix  = "arXiv",
      primaryClass   = "hep-ph",
      reportNumber   = "MSU-HEP-011101",
      SLACcitation   = "%%CITATION = HEP-PH/0201195;%%"
}

@article{Patrignani:2016xqp,
      author         = "Particle Data Group Collaboration",
      title          = "{Review of Particle Physics}",
      collaboration  = "Particle Data Group",
      journal        = "Chin. Phys.",
      volume         = "C 40",
      year           = "2016",
      number         = "10",
      pages          = "100001",
      SLACcitation   = "%%CITATION = CHPHD,C40,100001;%%"
}

@article{Chatrchyan:2012xdj,
      author         = "CMS Collaboration",
      title          = "{Observation of a new boson at a mass of 125 GeV with the
                        CMS experiment at the LHC}",
      collaboration  = "CMS",
      journal        = "Phys. Lett.",
      volume         = "B 716",
      year           = "2012",
      pages          = "30-61",
      eprint         = "1207.7235",
      archivePrefix  = "arXiv",
      primaryClass   = "hep-ex",
      reportNumber   = "CMS-HIG-12-028, CERN-PH-EP-2012-220",
      SLACcitation   = "%%CITATION = ARXIV:1207.7235;%%"
}

@Article{Fermi1934,
      author="Fermi, E.",
      title="Versuch einer Theorie der $\beta$-Strahlen. I",
      journal="Zeitschrift f{\"u}r Physik",
      year="1934",
      month="Mar",
      day="01",
      volume="88",
      number="3",
      pages="161--177"
}

@article{Alwall:2014hca,
      author         = "Alwall, J. and others",
      title          = "{The automated computation of tree-level and
                        next-to-leading order differential cross sections, and
                        their matching to parton shower simulations}",
      journal        = "JHEP",
      volume         = "07",
      year           = "2014",
      pages          = "079",
      eprint         = "1405.0301",
      archivePrefix  = "arXiv",
      primaryClass   = "hep-ph",
      reportNumber   = "CERN-PH-TH-2014-064, CP3-14-18, LPN14-066, MCNET-14-09,
                        ZU-TH-14-14",
      SLACcitation   = "%%CITATION = ARXIV:1405.0301;%%"
}
